@inproceedings{cheung2020large,
  title={Large-eddy simulations of the Northeastern US coastal marine boundary layer},
  author={Cheung, Lawrence C and Kaul, Colleen M and Hsieh, Alan S and Blaylock, Myra L and Churchfield, Matthew J},
  booktitle={Journal of Physics: Conference Series},
  volume={1618},
  number={6},
  pages={062038},
  year={2020},
  organization={IOP Publishing}
}
